% !Mode:: "TeX:UTF-8"

@article{hithesis2017,
	title={Hi!Thesis!,Harbin Institue of Technology},
	author={Yanshuo Chu},
	journal={Github},
	volume={001},
	number={0001},
	pages={000-999},
	year={2017},
}

@article{DeepXplore,
  author    = {Kexin Pei and
               Yinzhi Cao and
               Junfeng Yang and
               Suman Jana},
  title     = {DeepXplore: Automated Whitebox Testing of Deep Learning Systems},
  journal   = {CoRR},
  volume    = {abs/1705.06640},
  year      = {2017},
  url       = {http://arxiv.org/abs/1705.06640},
  archivePrefix = {arXiv},
  eprint    = {1705.06640},
  timestamp = {Mon, 13 Aug 2018 16:48:23 +0200},
  biburl    = {https://dblp.org/rec/bib/journals/corr/PeiCYJ17},
  bibsource = {dblp computer science bibliography, https://dblp.org}
}

@article{DeepTest,
  author    = {Yuchi Tian and
               Kexin Pei and
               Suman Jana and
               Baishakhi Ray},
  title     = {DeepTest: Automated Testing of Deep-Neural-Network-driven Autonomous
               Cars},
  journal   = {CoRR},
  volume    = {abs/1708.08559},
  year      = {2017},
  url       = {http://arxiv.org/abs/1708.08559},
  archivePrefix = {arXiv},
  eprint    = {1708.08559},
  timestamp = {Mon, 13 Aug 2018 16:47:25 +0200},
  biburl    = {https://dblp.org/rec/bib/journals/corr/abs-1708-08559},
  bibsource = {dblp computer science bibliography, https://dblp.org}
}

@article{DeepRoad,
  author    = {Mengshi Zhang and
               Yuqun Zhang and
               Lingming Zhang and
               Cong Liu and
               Sarfraz Khurshid},
  title     = {DeepRoad: GAN-based Metamorphic Autonomous Driving System Testing},
  journal   = {CoRR},
  volume    = {abs/1802.02295},
  year      = {2018},
  url       = {http://arxiv.org/abs/1802.02295},
  archivePrefix = {arXiv},
  eprint    = {1802.02295},
  timestamp = {Mon, 13 Aug 2018 16:48:13 +0200},
  biburl    = {https://dblp.org/rec/bib/journals/corr/abs-1802-02295},
  bibsource = {dblp computer science bibliography, https://dblp.org}
}

@incollection{GAN,
title = {Generative Adversarial Nets},
author = {Goodfellow, Ian and Pouget-Abadie, Jean and Mirza, Mehdi and Xu, Bing and Warde-Farley, David and Ozair, Sherjil and Courville, Aaron and Bengio, Yoshua},
booktitle = {Advances in Neural Information Processing Systems 27},
editor = {Z. Ghahramani and M. Welling and C. Cortes and N. D. Lawrence and K. Q. Weinberger},
pages = {2672--2680},
year = {2014},
publisher = {Curran Associates, Inc.},
url = {http://papers.nips.cc/paper/5423-generative-adversarial-nets.pdf}
}

@article{UNIT,
  author    = {Ming{-}Yu Liu and
               Thomas Breuel and
               Jan Kautz},
  title     = {Unsupervised Image-to-Image Translation Networks},
  journal   = {CoRR},
  volume    = {abs/1703.00848},
  year      = {2017},
  url       = {http://arxiv.org/abs/1703.00848},
  archivePrefix = {arXiv},
  eprint    = {1703.00848},
  timestamp = {Mon, 13 Aug 2018 16:48:19 +0200},
  biburl    = {https://dblp.org/rec/bib/journals/corr/LiuBK17},
  bibsource = {dblp computer science bibliography, https://dblp.org}
}

@inproceedings{ImageNet,
author = {Jia Deng and Olga Russakovsky and Jonathan Krause and Michael Bernstein and Alexander C. Berg and Li Fei-Fei},
title = {Scalable Multi-Label Annotation},
booktitle = {ACM Conference on Human Factors in Computing Systems (CHI)},
year = {2014}
}

@article{nst-survey,
  author    = {Yongcheng Jing and
               Yezhou Yang and
               Zunlei Feng and
               Jingwen Ye and
               Mingli Song},
  title     = {Neural Style Transfer: {A} Review},
  journal   = {CoRR},
  volume    = {abs/1705.04058},
  year      = {2017},
  url       = {http://arxiv.org/abs/1705.04058},
  archivePrefix = {arXiv},
  eprint    = {1705.04058},
  timestamp = {Mon, 13 Aug 2018 16:47:04 +0200},
  biburl    = {https://dblp.org/rec/bib/journals/corr/JingYFYS17},
  bibsource = {dblp computer science bibliography, https://dblp.org}
}

@article{FID,
  author    = {Martin Heusel and
               Hubert Ramsauer and
               Thomas Unterthiner and
               Bernhard Nessler and
               G{\"{u}}nter Klambauer and
               Sepp Hochreiter},
  title     = {GANs Trained by a Two Time-Scale Update Rule Converge to a Nash Equilibrium},
  journal   = {CoRR},
  volume    = {abs/1706.08500},
  year      = {2017},
  url       = {http://arxiv.org/abs/1706.08500},
  archivePrefix = {arXiv},
  eprint    = {1706.08500},
  timestamp = {Mon, 13 Aug 2018 16:48:19 +0200},
  biburl    = {https://dblp.org/rec/bib/journals/corr/HeuselRUNKH17},
  bibsource = {dblp computer science bibliography, https://dblp.org}
}

@article{IS,
  author    = {Tim Salimans and
               Ian J. Goodfellow and
               Wojciech Zaremba and
               Vicki Cheung and
               Alec Radford and
               Xi Chen},
  title     = {Improved Techniques for Training GANs},
  journal   = {CoRR},
  volume    = {abs/1606.03498},
  year      = {2016},
  url       = {http://arxiv.org/abs/1606.03498},
  archivePrefix = {arXiv},
  eprint    = {1606.03498},
  timestamp = {Sun, 16 Sep 2018 14:17:04 +0200},
  biburl    = {https://dblp.org/rec/bib/journals/corr/SalimansGZCRC16},
  bibsource = {dblp computer science bibliography, https://dblp.org}
}

@online{udacity_dataset,
    author = "udacity",
    title = "self-driving-car",
    url  = "https://github.com/udacity/self-driving-car/tree/master/datasets",
    addendum = "(accessed: 01.09.2018)",
    keywords = "udacity,dataset"
}

@ARTICLE{gan-survey, 
author={X. {Wu} and K. {Xu} and P. {Hall}}, 
journal={Tsinghua Science and Technology}, 
title={A survey of image synthesis and editing with generative adversarial networks}, 
year={2017}, 
volume={22}, 
number={6}, 
pages={660-674}, 
keywords={image restoration;image texture;neural nets;image synthesis;texture synthesis;image inpainting;image-to-image translation;image editing;generative adversarial networks;GANs;deep networks;GAN;Gallium nitride;Image generation;Generators;Image resolution;Feature extraction;Training;Linear programming;image synthesis;image editing;constrained image synthesis;generative adversarial networks;image-to-image translation}, 
doi={10.23919/TST.2017.8195348}, 
ISSN={1007-0214}, 
month={December},}

@article{dcgan,
  author    = {Alec Radford and
               Luke Metz and
               Soumith Chintala},
  title     = {Unsupervised Representation Learning with Deep Convolutional Generative
               Adversarial Networks},
  journal   = {CoRR},
  volume    = {abs/1511.06434},
  year      = {2015},
  url       = {http://arxiv.org/abs/1511.06434},
  archivePrefix = {arXiv},
  eprint    = {1511.06434},
  timestamp = {Mon, 13 Aug 2018 16:46:28 +0200},
  biburl    = {https://dblp.org/rec/bib/journals/corr/RadfordMC15},
  bibsource = {dblp computer science bibliography, https://dblp.org}
}

@inproceedings{CycleGAN,
  title={Unpaired Image-to-Image Translation using Cycle-Consistent Adversarial Networks},
  author={Zhu, Jun-Yan and Park, Taesung and Isola, Phillip and Efros, Alexei A},
  booktitle={Computer Vision (ICCV), 2017 IEEE International Conference on},
  year={2017}
}

@inproceedings{MUNIT,
  title={Multimodal Unsupervised Image-to-image Translation},
  author={Huang, Xun and Liu, Ming-Yu and Belongie, Serge and Kautz, Jan},
  booktitle={ECCV},
  year={2018}
}